
@PHDTHESIS{Rodriguez-Losada04,
  AUTHOR =       {Diego Rodriguez-Losada},
  TITLE =        {SLAM Geometrico en Tiempo Real para Robots Moviles en Interiores basado en EKF},
  SCHOOL =       {Universidad Politecnica de Madrid, ETSI Industriales},
  YEAR =         {2004},
}

@ARTICLE{Lamiraux04,
  AUTHOR =       {F. Lamiraux and D. Bonnafous and O.Lefebvre},
  TITLE =        {Reactive Path Deformation for Nonholonomic Mobile Robots},
  JOURNAL =      {IEEE Transactions on Robotics},
  YEAR =         {2004},
  volume =       {20},
  number =       {6},
  pages =        {967-977},
  month =        {December},
}

@ARTICLE{Choset01,
  AUTHOR =       {Howie Choset and Keiji Nagatani},
  TITLE =        {Topological Simultaneous Localization and Mapping
                   ({SLAM}): Toward Exact Localization Without
                    Explicit Localization},
  JOURNAL =      {IEEE Transactions on Robotics and Automation},
  YEAR =         {2001},
  volume =       {17},
  number =       {2},
  pages =        {125--137},
  month =        {April},
}

@ARTICLE{Kuipers91,
  AUTHOR =      {B. J. Kuipers and Y.T. Byun},
  TITLE =        {A robot exploration and mapping strategy based on a semantic
                    hierarchy of spatial representations},
  JOURNAL =      {Journal of Robotics and Autonomous Systems},
  YEAR =         {1991},
  volume =       {8},
  pages =        {47--63},
}

@BOOK{Siegwart04,
  AUTHOR =       {Roland Siegwart and Illah R. Nourbakhsh},
  TITLE =        {Introduction to Autonomous Mobile Robots},
  PUBLISHER =    {MIT Press},
  YEAR =         {2004},
}

@BOOK{Maybeck79,
  AUTHOR =       {Peter S. Maybeck},
  editor =       {},
  TITLE =        {Stochastic Models, Estimation, and Control},
  PUBLISHER =    {Academic Press},
  YEAR =         {1979},
  volume =       {1},
}

@MANUAL{Schutter99,
  TITLE =        {Kalman Filters: A Tutorial},
  author =       {Joris De Schutter and Jan De Geeter and Tine Lefebvre and Herman Bruyninckx},
  year =         {1999},
}

@INPROCEEDINGS{Rodriguez-Losada05,
  AUTHOR =       {Diego Rodriguez-Losada and Fernando Matia and Agustin Jimenez and Ramon Galan and Gerard Lacey},
  TITLE =        {Guido, the Robotic SmartWalker for the frail visually impaired},
  BOOKTITLE =    {First International Congress on Domotics, Robotics and Remote Assistance for All.DRT4ALL'05},
  YEAR =         {2005},

}




@INPROCEEDINGS{Simmons95,
  AUTHOR =       {R. Simmons and S. Koenig},
  TITLE =        {Probabilistic robot navigation in partially observable environments},
  BOOKTITLE =    {Proc. of the International Joint Conference on Artificial Intelligence},
  YEAR =         {1995},

}

@INPROCEEDINGS{Kaebling96,
  AUTHOR =       {L.P. Kaelbling and A.R. Cassandra and J.A. Kurien},
  TITLE =        {Acting under uncertainty: Discrete bayesian models for mobile-robot navigation},
  BOOKTITLE =    {Proc. of the IEEE/RSJ International Conference on Intelligent Robots and Systems (IROS)},
  YEAR =         {1996},
}


@INPROCEEDINGS{RodriguezLosada05,
  AUTHOR =       {Diego Rodriguez-Losada and Fernando Matia and Agustin Jimenez and Ramon Galan and Gerard Lacey},
  TITLE =        {Implementing Map Based Navigation in Guido, the Robotic SmartWalker},
  BOOKTITLE =    {IEEE International Conference on Robotics and Automation},
  YEAR =         {2005},

}


@ARTICLE{Fox99,
  AUTHOR =       {Dieter Fox and Wolfram Burgard and Sebastian Thrun},
  TITLE =        {Markov Localization for Mobile Robots in Dynamic Environments},
  JOURNAL =      {Journal of Artificial Intelligence Research},
  YEAR =         {1999},
  volume =       {11},
  pages =        {391-427},
}

@TECHREPORT{Arranz06,
  AUTHOR =       {Alvaro Arranz and Jorge Bali{\~n}as and Sebastian Bronte and Josue Garcia and Daniel Gonzalez and Javier Gutierrez and Angel Llamazares and Fernando Rojas and Victor Sanz},
  TITLE =        {Aplicaciones de robots moviles},
  INSTITUTION =  {Universidad de Alcala},
  YEAR =         {2006},
}

@INPROCEEDINGS{Feiten94,
  AUTHOR =       {W. Feiten and R.Bauer and G. Lawitzky},
  TITLE =        {Robust Obstacle Avoidance in Unknown and Cramped Environments},
  BOOKTITLE =    {Proc. IEEE Int. Conf. Robotics and Automation},
  YEAR =         {1994},
}

@ARTICLE{Minguez04,
  AUTHOR =       {Javier Minguez and Luis Montano},
  TITLE =        {Nearness Diagram (ND) Navigation: Collision Avoidance in Troublesome Scenarios},
  JOURNAL =      {IEEE Transactions on Robotics and Automation},
  YEAR =         {2004},
  volume =       {20},
  number =       {1},
  month =        {February},
}

@INPROCEEDINGS{Minguez_04,
  AUTHOR =       {Javier Minguez and Javier Osuna and Luis Montano},
  TITLE =        {A "Divide and Conquer" Strategy based on Situations to achieve Reactive Collision Avoidance in Troublesome Scenarios},
  BOOKTITLE =    {Proc. of the IEEE International Conference on Robotics and Automation (ICRA)},
  YEAR =         {2004},

}


@MISC{Gonzalez04,
  author =       {Jesus Gonzalez},
  title =        {Simulacion y Control de un Robot Movil},
  howpublished = {Proyecto fin de carrera, DISAM},
  year =         {2004},
}


@BOOK{Kernighan,
  AUTHOR =       {Brian W. Kernighan and Dennis M. Ritchie},
  TITLE =        {The C Programming Language},
  PUBLISHER =    {Prentice Hall},
  YEAR =         {1988},
}

@BOOK{Kopka,
  AUTHOR =       {Helmut Kopka and Patrick W.Daly},
  TITLE =        {Guide to LaTeX},
  PUBLISHER =    {Addison Wesley},
  YEAR =         {2004},
}


@MISC{21days,
  title =        {Teach Yourself Visual C++ in 21 days: \prog{http://newdata.box.sk/bx/c}}

}


@MISC{mobilerobots,
  title =        {MobileRobots.Inc: \prog{http://www.mobilerobots.com}}

}

@MISC{disam,
  title =    {Departamento de Automatica de la ETSII:
              \prog{http://www.disam.upm.es}}
}

@MISC{msdn,
  title =        {Ayuda oficial de Microsoft para la programacion:
                   \prog{http://www.msdn.microsoft.es}}

}


@MISC{player,
  title =        {Player Project: \prog{http://www.playerstage.sourceforge.net}}

}
